@misc{idw,
  title = {{NSF National Center for Geographic Information and Analysis} Interpolation: Inverse Distance Weighting},
  howpublished = {\url{http://www.ncgia.ucsb.edu/pubs/spherekit/inverse.html}},
  note = {Accessed: 2019-02-05}
}
